
@INPROCEEDINGS{AlderingAdam2002,
   author = {{Aldering}, G. and {Adam}, G. and {Antilogus}, P. and {Astier}, P. and 
	{Bacon}, R. and {Bongard}, S. and {Bonnaud}, C. and {Copin}, Y. and 
	{Hardin}, D. and {Henault}, F. and {Howell}, D.~A. and {Lemonnier}, J.-P. and 
	{Levy}, J.-M. and {Loken}, S.~C. and {Nugent}, P.~E. and {Pain}, R. and 
	{Pecontal}, A. and {Pecontal}, E. and {Perlmutter}, S. and {Quimby}, R.~M. and 
	{Schahmaneche}, K. and {Smadja}, G. and {Wood-Vasey}, W.~M.},
    title = "{Overview of the Nearby Supernova Factory}",
booktitle = {Survey and Other Telescope Technologies and Discoveries},
     year = 2002,
   series = {\procspie},
   volume = 4836,
   editor = {{Tyson}, J.~A. and {Wolff}, S.},
    month = dec,
    pages = {61-72},
      doi = {10.1117/12.458107},
   adsurl = {http://adsabs.harvard.edu/abs/2002SPIE.4836...61A},
  adsnote = {Provided by the SAO/NASA Astrophysics Data System}
}

@ARTICLE{AstierGuy2006,
   author = {{Astier}, P. and {Guy}, J. and {Regnault}, N. and {Pain}, R. and 
	{Aubourg}, E. and {Balam}, D. and {Basa}, S. and {Carlberg}, R.~G. and 
	{Fabbro}, S. and {Fouchez}, D. and {Hook}, I.~M. and {Howell}, D.~A. and 
	{Lafoux}, H. and {Neill}, J.~D. and {Palanque-Delabrouille}, N. and 
	{Perrett}, K. and {Pritchet}, C.~J. and {Rich}, J. and {Sullivan}, M. and 
	{Taillet}, R. and {Aldering}, G. and {Antilogus}, P. and {Arsenijevic}, V. and 
	{Balland}, C. and {Baumont}, S. and {Bronder}, J. and {Courtois}, H. and 
	{Ellis}, R.~S. and {Filiol}, M. and {Gon{\c c}alves}, A.~C. and 
	{Goobar}, A. and {Guide}, D. and {Hardin}, D. and {Lusset}, V. and 
	{Lidman}, C. and {McMahon}, R. and {Mouchet}, M. and {Mourao}, A. and 
	{Perlmutter}, S. and {Ripoche}, P. and {Tao}, C. and {Walton}, N.
	},
    title = "{The Supernova Legacy Survey: measurement of {$\Omega$}$_{M}$, {$\Omega$}$_{Î›}$ and w from the first year data set}",
  journal = {\aap},
   eprint = {astro-ph/0510447},
 keywords = {supernovae: general, cosmology: observations, cosmological parameters},
     year = 2006,
    month = feb,
   volume = 447,
    pages = {31-48},
      doi = {10.1051/0004-6361:20054185},
   adsurl = {http://adsabs.harvard.edu/abs/2006A%26A...447...31A},
  adsnote = {Provided by the SAO/NASA Astrophysics Data System}
}


@ARTICLE{BernsteinKessler2012,
   author = {{Bernstein}, J.~P. and {Kessler}, R. and {Kuhlmann}, S. and 
	{Biswas}, R. and {Kovacs}, E. and {Aldering}, G. and {Crane}, I. and 
	{D'Andrea}, C.~B. and {Finley}, D.~A. and {Frieman}, J.~A. and 
	{Hufford}, T. and {Jarvis}, M.~J. and {Kim}, A.~G. and {Marriner}, J. and 
	{Mukherjee}, P. and {Nichol}, R.~C. and {Nugent}, P. and {Parkinson}, D. and 
	{Reis}, R.~R.~R. and {Sako}, M. and {Spinka}, H. and {Sullivan}, M.
	},
    title = "{Supernova Simulations and Strategies for the Dark Energy Survey}",
  journal = {\apj},
archivePrefix = "arXiv",
   eprint = {1111.1969},
 keywords = {cosmological parameters, dark energy, supernovae: general},
     year = 2012,
    month = jul,
   volume = 753,
      eid = {152},
    pages = {152},
      doi = {10.1088/0004-637X/753/2/152},
   adsurl = {http://adsabs.harvard.edu/abs/2012ApJ...753..152B},
  adsnote = {Provided by the SAO/NASA Astrophysics Data System}
}

@misc{Barbary2014,
  author       = {Barbary, Kyle},
  title        = {sncosmo v0.4.2},
  month        = apr,
  year         = 2014,
  doi          = {10.5281/zenodo.11938},
  url          = {http://dx.doi.org/10.5281/zenodo.11938}
}

@misc{Barbary2015,
  author       = {Barbary, Kyle},
  title        = {nestle v0.1.1},
  month        = sep,
  year         = 2015,
  url          = {https://github.com/kbarbary/nestle}
}

@ARTICLE{BetouleKessler2014,
   author = {{Betoule}, M. and {Kessler}, R. and {Guy}, J. and {Mosher}, J. and
	{Hardin}, D. and {Biswas}, R. and {Astier}, P. and {El-Hage}, P. and
	{Konig}, M. and {Kuhlmann}, S. and {Marriner}, J. and {Pain}, R. and
	{Regnault}, N. and {Balland}, C. and {Bassett}, B.~A. and {Brown}, P.~J. and
	{Campbell}, H. and {Carlberg}, R.~G. and {Cellier-Holzem}, F. and
	{Cinabro}, D. and {Conley}, A. and {D'Andrea}, C.~B. and {DePoy}, D.~L. and
	{Doi}, M. and {Ellis}, R.~S. and {Fabbro}, S. and {Filippenko}, A.~V. and
	{Foley}, R.~J. and {Frieman}, J.~A. and {Fouchez}, D. and {Galbany}, L. and
	{Goobar}, A. and {Gupta}, R.~R. and {Hill}, G.~J. and {Hlozek}, R. and
	{Hogan}, C.~J. and {Hook}, I.~M. and {Howell}, D.~A. and {Jha}, S.~W. and
	{Le Guillou}, L. and {Leloudas}, G. and {Lidman}, C. and {Marshall}, J.~L. and
	{M{\"o}ller}, A. and {Mour{\~a}o}, A.~M. and {Neveu}, J. and
	{Nichol}, R. and {Olmstead}, M.~D. and {Palanque-Delabrouille}, N. and
	{Perlmutter}, S. and {Prieto}, J.~L. and {Pritchet}, C.~J. and
	{Richmond}, M. and {Riess}, A.~G. and {Ruhlmann-Kleider}, V. and
	{Sako}, M. and {Schahmaneche}, K. and {Schneider}, D.~P. and
	{Smith}, M. and {Sollerman}, J. and {Sullivan}, M. and {Walton}, N.~A. and
	{Wheeler}, C.~J.},
    title = "{Improved cosmological constraints from a joint analysis of the SDSS-II and SNLS supernova samples}",
  journal = {\aap},
archivePrefix = "arXiv",
   eprint = {1401.4064},
 keywords = {cosmology: observations, distance scale, dark energy},
     year = 2014,
    month = aug,
   volume = 568,
      eid = {A22},
    pages = {A22},
      doi = {10.1051/0004-6361/201423413},
   adsurl = {http://adsabs.harvard.edu/abs/2014A%26A...568A..22B},
  adsnote = {Provided by the SAO/NASA Astrophysics Data System}
}

@ARTICLE{CampbellDAndrea2013,
   author = {{Campbell}, H. and {D'Andrea}, C.~B. and {Nichol}, R.~C. and 
	{Sako}, M. and {Smith}, M. and {Lampeitl}, H. and {Olmstead}, M.~D. and 
	{Bassett}, B. and {Biswas}, R. and {Brown}, P. and {Cinabro}, D. and 
	{Dawson}, K.~S. and {Dilday}, B. and {Foley}, R.~J. and {Frieman}, J.~A. and 
	{Garnavich}, P. and {Hlozek}, R. and {Jha}, S.~W. and {Kuhlmann}, S. and 
	{Kunz}, M. and {Marriner}, J. and {Miquel}, R. and {Richmond}, M. and 
	{Riess}, A. and {Schneider}, D.~P. and {Sollerman}, J. and {Taylor}, M. and 
	{Zhao}, G.-B.},
    title = "{Cosmology with Photometrically Classified Type Ia Supernovae from the SDSS-II Supernova Survey}",
  journal = {\apj},
archivePrefix = "arXiv",
   eprint = {1211.4480},
 primaryClass = "astro-ph.CO",
 keywords = {cosmology: observations, distance scale, supernovae: general, surveys},
     year = 2013,
    month = feb,
   volume = 763,
      eid = {88},
    pages = {88},
      doi = {10.1088/0004-637X/763/2/88},
   adsurl = {http://adsabs.harvard.edu/abs/2013ApJ...763...88C},
  adsnote = {Provided by the SAO/NASA Astrophysics Data System}
}

@ARTICLE{ConleyGuy2011,
   author = {{Conley}, A. and {Guy}, J. and {Sullivan}, M. and {Regnault}, N. and 
	{Astier}, P. and {Balland}, C. and {Basa}, S. and {Carlberg}, R.~G. and 
	{Fouchez}, D. and {Hardin}, D. and {Hook}, I.~M. and {Howell}, D.~A. and 
	{Pain}, R. and {Palanque-Delabrouille}, N. and {Perrett}, K.~M. and 
	{Pritchet}, C.~J. and {Rich}, J. and {Ruhlmann-Kleider}, V. and 
	{Balam}, D. and {Baumont}, S. and {Ellis}, R.~S. and {Fabbro}, S. and 
	{Fakhouri}, H.~K. and {Fourmanoit}, N. and {Gonz{\'a}lez-Gait{\'a}n}, S. and 
	{Graham}, M.~L. and {Hudson}, M.~J. and {Hsiao}, E. and {Kronborg}, T. and 
	{Lidman}, C. and {Mourao}, A.~M. and {Neill}, J.~D. and {Perlmutter}, S. and 
	{Ripoche}, P. and {Suzuki}, N. and {Walker}, E.~S.},
    title = "{Supernova Constraints and Systematic Uncertainties from the First Three Years of the Supernova Legacy Survey}",
  journal = {\apjs},
archivePrefix = "arXiv",
   eprint = {1104.1443},
 primaryClass = "astro-ph.CO",
 keywords = {cosmological parameters, cosmology: observations, supernovae: general},
     year = 2011,
    month = jan,
   volume = 192,
      eid = {1},
    pages = {1},
      doi = {10.1088/0067-0049/192/1/1},
   adsurl = {http://adsabs.harvard.edu/abs/2011ApJS..192....1C},
  adsnote = {Provided by the SAO/NASA Astrophysics Data System}
}
@ARTICLE{ContrerasHamuy2010,
   author = {{Contreras}, C. and {Hamuy}, M. and {Phillips}, M.~M. and {Folatelli}, G. and 
	{Suntzeff}, N.~B. and {Persson}, S.~E. and {Stritzinger}, M. and 
	{Boldt}, L. and {Gonz{\'a}lez}, S. and {Krzeminski}, W. and 
	{Morrell}, N. and {Roth}, M. and {Salgado}, F. and {Jos{\'e} Maureira}, M. and 
	{Burns}, C.~R. and {Freedman}, W.~L. and {Madore}, B.~F. and 
	{Murphy}, D. and {Wyatt}, P. and {Li}, W. and {Filippenko}, A.~V.
	},
    title = "{The Carnegie Supernova Project: First Photometry Data Release of Low-Redshift Type Ia Supernovae}",
  journal = {\aj},
archivePrefix = "arXiv",
   eprint = {0910.3330},
 keywords = {galaxies: distances and redshifts, supernovae: general},
     year = 2010,
    month = feb,
   volume = 139,
    pages = {519-539},
      doi = {10.1088/0004-6256/139/2/519},
   adsurl = {http://adsabs.harvard.edu/abs/2010AJ....139..519C},
  adsnote = {Provided by the SAO/NASA Astrophysics Data System}
}

@ARTICLE{des2005,
   author = {{The Dark Energy Survey Collaboration}},
    title = "{The Dark Energy Survey}",
  journal = {ArXiv Astrophysics e-prints},
   eprint = {astro-ph/0510346},
 keywords = {Astrophysics},
     year = 2005,
    month = oct,
   adsurl = {http://adsabs.harvard.edu/abs/2005astro.ph.10346T},
  adsnote = {Provided by the SAO/NASA Astrophysics Data System}
}


@ARTICLE{des2016,
   author = {{Dark Energy Survey Collaboration} and {Abbott}, T. and {Abdalla}, F.~B. and 
	{Aleksi{\'c}}, J. and {Allam}, S. and {Amara}, A. and {Bacon}, D. and 
	{Balbinot}, E. and {Banerji}, M. and {Bechtol}, K. and {Benoit-L{\'e}vy}, A. and 
	{Bernstein}, G.~M. and {Bertin}, E. and {Blazek}, J. and {Bonnett}, C. and 
	{Bridle}, S. and {Brooks}, D. and {Brunner}, R.~J. and {Buckley-Geer}, E. and 
	{Burke}, D.~L. and {Caminha}, G.~B. and {Capozzi}, D. and {Carlsen}, J. and 
	{Carnero-Rosell}, A. and {Carollo}, M. and {Carrasco-Kind}, M. and 
	{Carretero}, J. and {Castander}, F.~J. and {Clerkin}, L. and 
	{Collett}, T. and {Conselice}, C. and {Crocce}, M. and {Cunha}, C.~E. and 
	{D'Andrea}, C.~B. and {da Costa}, L.~N. and {Davis}, T.~M. and 
	{Desai}, S. and {Diehl}, H.~T. and {Dietrich}, J.~P. and {Dodelson}, S. and 
	{Doel}, P. and {Drlica-Wagner}, A. and {Estrada}, J. and {Etherington}, J. and 
	{Evrard}, A.~E. and {Fabbri}, J. and {Finley}, D.~A. and {Flaugher}, B. and 
	{Foley}, R.~J. and {Fosalba}, P. and {Frieman}, J. and {Garc{\'{\i}}a-Bellido}, J. and 
	{Gaztanaga}, E. and {Gerdes}, D.~W. and {Giannantonio}, T. and 
	{Goldstein}, D.~A. and {Gruen}, D. and {Gruendl}, R.~A. and 
	{Guarnieri}, P. and {Gutierrez}, G. and {Hartley}, W. and {Honscheid}, K. and 
	{Jain}, B. and {James}, D.~J. and {Jeltema}, T. and {Jouvel}, S. and 
	{Kessler}, R. and {King}, A. and {Kirk}, D. and {Kron}, R. and 
	{Kuehn}, K. and {Kuropatkin}, N. and {Lahav}, O. and {Li}, T.~S. and 
	{Lima}, M. and {Lin}, H. and {Maia}, M.~A.~G. and {Makler}, M. and 
	{Manera}, M. and {Maraston}, C. and {Marshall}, J.~L. and {Martini}, P. and 
	{McMahon}, R.~G. and {Melchior}, P. and {Merson}, A. and {Miller}, C.~J. and 
	{Miquel}, R. and {Mohr}, J.~J. and {Morice-Atkinson}, X. and 
	{Naidoo}, K. and {Neilsen}, E. and {Nichol}, R.~C. and {Nord}, B. and 
	{Ogando}, R. and {Ostrovski}, F. and {Palmese}, A. and {Papadopoulos}, A. and 
	{Peiris}, H.~V. and {Peoples}, J. and {Percival}, W.~J. and 
	{Plazas}, A.~A. and {Reed}, S.~L. and {Refregier}, A. and {Romer}, A.~K. and 
	{Roodman}, A. and {Ross}, A. and {Rozo}, E. and {Rykoff}, E.~S. and 
	{Sadeh}, I. and {Sako}, M. and {S{\'a}nchez}, C. and {Sanchez}, E. and 
	{Santiago}, B. and {Scarpine}, V. and {Schubnell}, M. and {Sevilla-Noarbe}, I. and 
	{Sheldon}, E. and {Smith}, M. and {Smith}, R.~C. and {Soares-Santos}, M. and 
	{Sobreira}, F. and {Soumagnac}, M. and {Suchyta}, E. and {Sullivan}, M. and 
	{Swanson}, M. and {Tarle}, G. and {Thaler}, J. and {Thomas}, D. and 
	{Thomas}, R.~C. and {Tucker}, D. and {Vieira}, J.~D. and {Vikram}, V. and 
	{Walker}, A.~R. and {Wechsler}, R.~H. and {Weller}, J. and {Wester}, W. and 
	{Whiteway}, L. and {Wilcox}, H. and {Yanny}, B. and {Zhang}, Y. and 
	{Zuntz}, J.},
    title = "{The Dark Energy Survey: more than dark energy - an overview}",
  journal = {\mnras},
archivePrefix = "arXiv",
   eprint = {1601.00329},
 keywords = {surveys, minor planets, asteroids: general, supernovae: general, Galaxy: general, galaxies: general, quasars: general},
     year = 2016,
    month = aug,
   volume = 460,
    pages = {1270-1299},
      doi = {10.1093/mnras/stw641},
   adsurl = {http://adsabs.harvard.edu/abs/2016MNRAS.460.1270D},
  adsnote = {Provided by the SAO/NASA Astrophysics Data System}
}


@ARTICLE{FlaugherDiehl2015,
   author = {{Flaugher}, B. and {Diehl}, H.~T. and {Honscheid}, K. and {Abbott}, T.~M.~C. and 
	{Alvarez}, O. and {Angstadt}, R. and {Annis}, J.~T. and {Antonik}, M. and 
	{Ballester}, O. and {Beaufore}, L. and {Bernstein}, G.~M. and 
	{Bernstein}, R.~A. and {Bigelow}, B. and {Bonati}, M. and {Boprie}, D. and 
	{Brooks}, D. and {Buckley-Geer}, E.~J. and {Campa}, J. and {Cardiel-Sas}, L. and 
	{Castander}, F.~J. and {Castilla}, J. and {Cease}, H. and {Cela-Ruiz}, J.~M. and 
	{Chappa}, S. and {Chi}, E. and {Cooper}, C. and {da Costa}, L.~N. and 
	{Dede}, E. and {Derylo}, G. and {DePoy}, D.~L. and {de Vicente}, J. and 
	{Doel}, P. and {Drlica-Wagner}, A. and {Eiting}, J. and {Elliott}, A.~E. and 
	{Emes}, J. and {Estrada}, J. and {Fausti Neto}, A. and {Finley}, D.~A. and 
	{Flores}, R. and {Frieman}, J. and {Gerdes}, D. and {Gladders}, M.~D. and 
	{Gregory}, B. and {Gutierrez}, G.~R. and {Hao}, J. and {Holland}, S.~E. and 
	{Holm}, S. and {Huffman}, D. and {Jackson}, C. and {James}, D.~J. and 
	{Jonas}, M. and {Karcher}, A. and {Karliner}, I. and {Kent}, S. and 
	{Kessler}, R. and {Kozlovsky}, M. and {Kron}, R.~G. and {Kubik}, D. and 
	{Kuehn}, K. and {Kuhlmann}, S. and {Kuk}, K. and {Lahav}, O. and 
	{Lathrop}, A. and {Lee}, J. and {Levi}, M.~E. and {Lewis}, P. and 
	{Li}, T.~S. and {Mandrichenko}, I. and {Marshall}, J.~L. and 
	{Martinez}, G. and {Merritt}, K.~W. and {Miquel}, R. and {Mu{\~n}oz}, F. and 
	{Neilsen}, E.~H. and {Nichol}, R.~C. and {Nord}, B. and {Ogando}, R. and 
	{Olsen}, J. and {Palaio}, N. and {Patton}, K. and {Peoples}, J. and 
	{Plazas}, A.~A. and {Rauch}, J. and {Reil}, K. and {Rheault}, J.-P. and 
	{Roe}, N.~A. and {Rogers}, H. and {Roodman}, A. and {Sanchez}, E. and 
	{Scarpine}, V. and {Schindler}, R.~H. and {Schmidt}, R. and 
	{Schmitt}, R. and {Schubnell}, M. and {Schultz}, K. and {Schurter}, P. and 
	{Scott}, L. and {Serrano}, S. and {Shaw}, T.~M. and {Smith}, R.~C. and 
	{Soares-Santos}, M. and {Stefanik}, A. and {Stuermer}, W. and 
	{Suchyta}, E. and {Sypniewski}, A. and {Tarle}, G. and {Thaler}, J. and 
	{Tighe}, R. and {Tran}, C. and {Tucker}, D. and {Walker}, A.~R. and 
	{Wang}, G. and {Watson}, M. and {Weaverdyck}, C. and {Wester}, W. and 
	{Woods}, R. and {Yanny}, B. and {DES Collaboration}},
    title = "{The Dark Energy Camera}",
  journal = {\aj},
archivePrefix = "arXiv",
   eprint = {1504.02900},
 primaryClass = "astro-ph.IM",
 keywords = {atlases, catalogs, cosmology: observations, instrumentation: detectors, instrumentation: photometers, surveys},
     year = 2015,
    month = nov,
   volume = 150,
      eid = {150},
    pages = {150},
      doi = {10.1088/0004-6256/150/5/150},
   adsurl = {http://adsabs.harvard.edu/abs/2015AJ....150..150F},
  adsnote = {Provided by the SAO/NASA Astrophysics Data System}
}


@ARTICLE{FolatelliPhillips2010,
   author = {{Folatelli}, G. and {Phillips}, M.~M. and {Burns}, C.~R. and 
	{Contreras}, C. and {Hamuy}, M. and {Freedman}, W.~L. and {Persson}, S.~E. and 
	{Stritzinger}, M. and {Suntzeff}, N.~B. and {Krisciunas}, K. and 
	{Boldt}, L. and {Gonz{\'a}lez}, S. and {Krzeminski}, W. and 
	{Morrell}, N. and {Roth}, M. and {Salgado}, F. and {Madore}, B.~F. and 
	{Murphy}, D. and {Wyatt}, P. and {Li}, W. and {Filippenko}, A.~V. and 
	{Miller}, N.},
    title = "{The Carnegie Supernova Project: Analysis of the First Sample of Low-Redshift Type-Ia Supernovae}",
  journal = {\aj},
archivePrefix = "arXiv",
   eprint = {0910.3317},
 primaryClass = "astro-ph.CO",
 keywords = {distance scale, dust, extinction, galaxies: distances and redshifts, galaxies: ISM, supernovae: general},
     year = 2010,
    month = jan,
   volume = 139,
    pages = {120-144},
      doi = {10.1088/0004-6256/139/1/120},
   adsurl = {http://adsabs.harvard.edu/abs/2010AJ....139..120F},
  adsnote = {Provided by the SAO/NASA Astrophysics Data System}
}
@ARTICLE{ForemanMackey2013,
   author = {{Foreman-Mackey}, D. and {Hogg}, D.~W. and {Lang}, D. and {Goodman}, J.
	},
    title = "{emcee: The MCMC Hammer}",
  journal = {\pasp},
archivePrefix = "arXiv",
   eprint = {1202.3665},
 primaryClass = "astro-ph.IM",
     year = 2013,
    month = mar,
   volume = 125,
    pages = {306-312},
      doi = {10.1086/670067},
   adsurl = {http://adsabs.harvard.edu/abs/2013PASP..125..306F},
  adsnote = {Provided by the SAO/NASA Astrophysics Data System}
}

@ARTICLE{FriemanBassett2008,
   author = {{Frieman}, J.~A. and {Bassett}, B. and {Becker}, A. and {Choi}, C. and 
	{Cinabro}, D. and {DeJongh}, F. and {Depoy}, D.~L. and {Dilday}, B. and 
	{Doi}, M. and {Garnavich}, P.~M. and {Hogan}, C.~J. and {Holtzman}, J. and 
	{Im}, M. and {Jha}, S. and {Kessler}, R. and {Konishi}, K. and 
	{Lampeitl}, H. and {Marriner}, J. and {Marshall}, J.~L. and 
	{McGinnis}, D. and {Miknaitis}, G. and {Nichol}, R.~C. and {Prieto}, J.~L. and 
	{Riess}, A.~G. and {Richmond}, M.~W. and {Romani}, R. and {Sako}, M. and 
	{Schneider}, D.~P. and {Smith}, M. and {Takanashi}, N. and {Tokita}, K. and 
	{van der Heyden}, K. and {Yasuda}, N. and {Zheng}, C. and {Adelman-McCarthy}, J. and 
	{Annis}, J. and {Assef}, R.~J. and {Barentine}, J. and {Bender}, R. and 
	{Blandford}, R.~D. and {Boroski}, W.~N. and {Bremer}, M. and 
	{Brewington}, H. and {Collins}, C.~A. and {Crotts}, A. and {Dembicky}, J. and 
	{Eastman}, J. and {Edge}, A. and {Edmondson}, E. and {Elson}, E. and 
	{Eyler}, M.~E. and {Filippenko}, A.~V. and {Foley}, R.~J. and 
	{Frank}, S. and {Goobar}, A. and {Gueth}, T. and {Gunn}, J.~E. and 
	{Harvanek}, M. and {Hopp}, U. and {Ihara}, Y. and {Ivezi{\'c}}, {\v Z}. and 
	{Kahn}, S. and {Kaplan}, J. and {Kent}, S. and {Ketzeback}, W. and 
	{Kleinman}, S.~J. and {Kollatschny}, W. and {Kron}, R.~G. and 
	{Krzesi{\'n}ski}, J. and {Lamenti}, D. and {Leloudas}, G. and 
	{Lin}, H. and {Long}, D.~C. and {Lucey}, J. and {Lupton}, R.~H. and 
	{Malanushenko}, E. and {Malanushenko}, V. and {McMillan}, R.~J. and 
	{Mendez}, J. and {Morgan}, C.~W. and {Morokuma}, T. and {Nitta}, A. and 
	{Ostman}, L. and {Pan}, K. and {Rockosi}, C.~M. and {Romer}, A.~K. and 
	{Ruiz-Lapuente}, P. and {Saurage}, G. and {Schlesinger}, K. and 
	{Snedden}, S.~A. and {Sollerman}, J. and {Stoughton}, C. and 
	{Stritzinger}, M. and {Subba Rao}, M. and {Tucker}, D. and {Vaisanen}, P. and 
	{Watson}, L.~C. and {Watters}, S. and {Wheeler}, J.~C. and {Yanny}, B. and 
	{York}, D.},
    title = "{The Sloan Digital Sky Survey-II Supernova Survey: Technical Summary}",
  journal = {\aj},
archivePrefix = "arXiv",
   eprint = {0708.2749},
 keywords = {supernovae: general, surveys},
     year = 2008,
    month = jan,
   volume = 135,
    pages = {338-347},
      doi = {10.1088/0004-6256/135/1/338},
   adsurl = {http://adsabs.harvard.edu/abs/2008AJ....135..338F},
  adsnote = {Provided by the SAO/NASA Astrophysics Data System}
}
@ARTICLE{GaneshalingamLi2013,
   author = {{Ganeshalingam}, M. and {Li}, W. and {Filippenko}, A.~V.},
    title = "{Constraints on dark energy with the LOSS SN Ia sample}",
  journal = {\mnras},
archivePrefix = "arXiv",
   eprint = {1307.0824},
 primaryClass = "astro-ph.CO",
 keywords = {supernovae: general, cosmological parameters, cosmology: observations, distance scale},
     year = 2013,
    month = aug,
   volume = 433,
    pages = {2240-2258},
      doi = {10.1093/mnras/stt893},
   adsurl = {http://adsabs.harvard.edu/abs/2013MNRAS.433.2240G},
  adsnote = {Provided by the SAO/NASA Astrophysics Data System}
}

@ARTICLE{GuyAstier2007,
   author = {{Guy}, J. and {Astier}, P. and {Baumont}, S. and {Hardin}, D. and 
	{Pain}, R. and {Regnault}, N. and {Basa}, S. and {Carlberg}, R.~G. and 
	{Conley}, A. and {Fabbro}, S. and {Fouchez}, D. and {Hook}, I.~M. and 
	{Howell}, D.~A. and {Perrett}, K. and {Pritchet}, C.~J. and 
	{Rich}, J. and {Sullivan}, M. and {Antilogus}, P. and {Aubourg}, E. and 
	{Bazin}, G. and {Bronder}, J. and {Filiol}, M. and {Palanque-Delabrouille}, N. and 
	{Ripoche}, P. and {Ruhlmann-Kleider}, V.},
    title = "{SALT2: using distant supernovae to improve the use of type Ia supernovae as distance indicators}",
  journal = {\aap},
   eprint = {astro-ph/0701828},
 keywords = {supernovae: general, cosmology: observations},
     year = 2007,
    month = apr,
   volume = 466,
    pages = {11-21},
      doi = {10.1051/0004-6361:20066930},
   adsurl = {http://adsabs.harvard.edu/abs/2007A%26A...466...11G},
  adsnote = {Provided by the SAO/NASA Astrophysics Data System}
}

@ARTICLE{GuySullivan2010,
   author = {{Guy}, J. and {Sullivan}, M. and {Conley}, A. and {Regnault}, N. and 
	{Astier}, P. and {Balland}, C. and {Basa}, S. and {Carlberg}, R.~G. and 
	{Fouchez}, D. and {Hardin}, D. and {Hook}, I.~M. and {Howell}, D.~A. and 
	{Pain}, R. and {Palanque-Delabrouille}, N. and {Perrett}, K.~M. and 
	{Pritchet}, C.~J. and {Rich}, J. and {Ruhlmann-Kleider}, V. and 
	{Balam}, D. and {Baumont}, S. and {Ellis}, R.~S. and {Fabbro}, S. and 
	{Fakhouri}, H.~K. and {Fourmanoit}, N. and {Gonz{\'a}lez-Gait{\'a}n}, S. and 
	{Graham}, M.~L. and {Hsiao}, E. and {Kronborg}, T. and {Lidman}, C. and 
	{Mourao}, A.~M. and {Perlmutter}, S. and {Ripoche}, P. and {Suzuki}, N. and 
	{Walker}, E.~S.},
    title = "{The Supernova Legacy Survey 3-year sample: Type Ia supernovae photometric distances and cosmological constraints}",
  journal = {\aap},
archivePrefix = "arXiv",
   eprint = {1010.4743},
 keywords = {supernovae: general, cosmology: observations},
     year = 2010,
    month = nov,
   volume = 523,
      eid = {A7},
    pages = {A7},
      doi = {10.1051/0004-6361/201014468},
   adsurl = {http://adsabs.harvard.edu/abs/2010A%26A...523A...7G},
  adsnote = {Provided by the SAO/NASA Astrophysics Data System}
}



@ARTICLE{HickenChallis2009,
   author = {{Hicken}, M. and {Challis}, P. and {Jha}, S. and {Kirshner}, R.~P. and 
	{Matheson}, T. and {Modjaz}, M. and {Rest}, A. and {Wood-Vasey}, W.~M. and 
	{Bakos}, G. and {Barton}, E.~J. and {Berlind}, P. and {Bragg}, A. and 
	{Brice{\~n}o}, C. and {Brown}, W.~R. and {Caldwell}, N. and 
	{Calkins}, M. and {Cho}, R. and {Ciupik}, L. and {Contreras}, M. and 
	{Dendy}, K.-C. and {Dosaj}, A. and {Durham}, N. and {Eriksen}, K. and 
	{Esquerdo}, G. and {Everett}, M. and {Falco}, E. and {Fernandez}, J. and 
	{Gaba}, A. and {Garnavich}, P. and {Graves}, G. and {Green}, P. and 
	{Groner}, T. and {Hergenrother}, C. and {Holman}, M.~J. and 
	{Hradecky}, V. and {Huchra}, J. and {Hutchison}, B. and {Jerius}, D. and 
	{Jordan}, A. and {Kilgard}, R. and {Krauss}, M. and {Luhman}, K. and 
	{Macri}, L. and {Marrone}, D. and {McDowell}, J. and {McIntosh}, D. and 
	{McNamara}, B. and {Megeath}, T. and {Mochejska}, B. and {Munoz}, D. and 
	{Muzerolle}, J. and {Naranjo}, O. and {Narayan}, G. and {Pahre}, M. and 
	{Peters}, W. and {Peterson}, D. and {Rines}, K. and {Ripman}, B. and 
	{Roussanova}, A. and {Schild}, R. and {Sicilia-Aguilar}, A. and 
	{Sokoloski}, J. and {Smalley}, K. and {Smith}, A. and {Spahr}, T. and 
	{Stanek}, K.~Z. and {Barmby}, P. and {Blondin}, S. and {Stubbs}, C.~W. and 
	{Szentgyorgyi}, A. and {Torres}, M.~A.~P. and {Vaz}, A. and 
	{Vikhlinin}, A. and {Wang}, Z. and {Westover}, M. and {Woods}, D. and 
	{Zhao}, P.},
    title = "{CfA3: 185 Type Ia Supernova Light Curves from the CfA}",
  journal = {\apj},
archivePrefix = "arXiv",
   eprint = {0901.4787},
 primaryClass = "astro-ph.CO",
 keywords = {supernovae: general},
     year = 2009,
    month = jul,
   volume = 700,
    pages = {331-357},
      doi = {10.1088/0004-637X/700/1/331},
   adsurl = {http://adsabs.harvard.edu/abs/2009ApJ...700..331H},
  adsnote = {Provided by the SAO/NASA Astrophysics Data System}
}


@ARTICLE{IvezicSmith2007,
   author = {{Ivezi{\'c}}, {\v Z}. and {Smith}, J.~A. and {Miknaitis}, G. and 
	{Lin}, H. and {Tucker}, D. and {Lupton}, R.~H. and {Gunn}, J.~E. and 
	{Knapp}, G.~R. and {Strauss}, M.~A. and {Sesar}, B. and {Doi}, M. and 
	{Tanaka}, M. and {Fukugita}, M. and {Holtzman}, J. and {Kent}, S. and 
	{Yanny}, B. and {Schlegel}, D. and {Finkbeiner}, D. and {Padmanabhan}, N. and 
	{Rockosi}, C.~M. and {Juri{\'c}}, M. and {Bond}, N. and {Lee}, B. and 
	{Stoughton}, C. and {Jester}, S. and {Harris}, H. and {Harding}, P. and 
	{Morrison}, H. and {Brinkmann}, J. and {Schneider}, D.~P. and 
	{York}, D.},
    title = "{Sloan Digital Sky Survey Standard Star Catalog for Stripe 82: The Dawn of Industrial 1\% Optical Photometry}",
  journal = {\aj},
   eprint = {astro-ph/0703157},
 keywords = {catalogs, instrumentation: photometers, methods: data analysis, standards, surveys, techniques: photometric},
     year = 2007,
    month = sep,
   volume = 134,
    pages = {973-998},
      doi = {10.1086/519976},
   adsurl = {http://adsabs.harvard.edu/abs/2007AJ....134..973I},
  adsnote = {Provided by the SAO/NASA Astrophysics Data System}
}


@article{James1975,
title = "Minuit - a system for function minimization and analysis of the parameter errors and correlations",
journal = "Computer Physics Communications",
volume = "10",
number = "6",
pages = "343 - 367",
year = "1975",
note = "",
issn = "0010-4655",
doi = "http://dx.doi.org/10.1016/0010-4655(75)90039-9",
url = "http://www.sciencedirect.com/science/article/pii/0010465575900399",
author = "F. James and M. Roos",

}
@ARTICLE{KesslerBecker2009,
   author = {{Kessler}, R. and {Becker}, A.~C. and {Cinabro}, D. and {Vanderplas}, J. and 
	{Frieman}, J.~A. and {Marriner}, J. and {Davis}, T.~M. and {Dilday}, B. and 
	{Holtzman}, J. and {Jha}, S.~W. and {Lampeitl}, H. and {Sako}, M. and 
	{Smith}, M. and {Zheng}, C. and {Nichol}, R.~C. and {Bassett}, B. and 
	{Bender}, R. and {Depoy}, D.~L. and {Doi}, M. and {Elson}, E. and 
	{Filippenko}, A.~V. and {Foley}, R.~J. and {Garnavich}, P.~M. and 
	{Hopp}, U. and {Ihara}, Y. and {Ketzeback}, W. and {Kollatschny}, W. and 
	{Konishi}, K. and {Marshall}, J.~L. and {McMillan}, R.~J. and 
	{Miknaitis}, G. and {Morokuma}, T. and {M{\"o}rtsell}, E. and 
	{Pan}, K. and {Prieto}, J.~L. and {Richmond}, M.~W. and {Riess}, A.~G. and 
	{Romani}, R. and {Schneider}, D.~P. and {Sollerman}, J. and 
	{Takanashi}, N. and {Tokita}, K. and {van der Heyden}, K. and 
	{Wheeler}, J.~C. and {Yasuda}, N. and {York}, D.},
    title = "{First-Year Sloan Digital Sky Survey-II Supernova Results: Hubble Diagram and Cosmological Parameters}",
  journal = {\apjs},
archivePrefix = "arXiv",
   eprint = {0908.4274},
 keywords = {cosmological parameters, cosmology: observations, distance scale, methods: data analysis, supernovae: general, surveys},
     year = 2009,
    month = nov,
   volume = 185,
    pages = {32-84},
      doi = {10.1088/0067-0049/185/1/32},
   adsurl = {http://adsabs.harvard.edu/abs/2009ApJS..185...32K},
  adsnote = {Provided by the SAO/NASA Astrophysics Data System}
}

@ARTICLE{LampeitlNichol2010,
   author = {{Lampeitl}, H. and {Nichol}, R.~C. and {Seo}, H.-J. and {Giannantonio}, T. and 
	{Shapiro}, C. and {Bassett}, B. and {Percival}, W.~J. and {Davis}, T.~M. and 
	{Dilday}, B. and {Frieman}, J. and {Garnavich}, P. and {Sako}, M. and 
	{Smith}, M. and {Sollerman}, J. and {Becker}, A.~C. and {Cinabro}, D. and 
	{Filippenko}, A.~V. and {Foley}, R.~J. and {Hogan}, C.~J. and 
	{Holtzman}, J.~A. and {Jha}, S.~W. and {Konishi}, K. and {Marriner}, J. and 
	{Richmond}, M.~W. and {Riess}, A.~G. and {Schneider}, D.~P. and 
	{Stritzinger}, M. and {van der Heyden}, K.~J. and {Vanderplas}, J.~T. and 
	{Wheeler}, J.~C. and {Zheng}, C.},
    title = "{First-year Sloan Digital Sky Survey-II supernova results: consistency and constraints with other intermediate-redshift data sets}",
  journal = {\mnras},
archivePrefix = "arXiv",
   eprint = {0910.2193},
 primaryClass = "astro-ph.CO",
 keywords = {supernovae: general, cosmology: observations, distance scale, cosmological parameters, large-scale structure of Universe},
     year = 2010,
    month = feb,
   volume = 401,
    pages = {2331-2342},
      doi = {10.1111/j.1365-2966.2009.15851.x},
   adsurl = {http://adsabs.harvard.edu/abs/2010MNRAS.401.2331L},
  adsnote = {Provided by the SAO/NASA Astrophysics Data System}
}


@ARTICLE{MarchTrotta2011,
   author = {{March}, M.~C. and {Trotta}, R. and {Berkes}, P. and {Starkman}, G.~D. and 
	{Vaudrevange}, P.~M.},
    title = "{Improved constraints on cosmological parameters from Type Ia supernova data}",
  journal = {\mnras},
archivePrefix = "arXiv",
   eprint = {1102.3237},
 keywords = {methods: statistical, supernovae: general, cosmological parameters, dark energy},
     year = 2011,
    month = dec,
   volume = 418,
    pages = {2308-2329},
      doi = {10.1111/j.1365-2966.2011.19584.x},
   adsurl = {http://adsabs.harvard.edu/abs/2011MNRAS.418.2308M},
  adsnote = {Provided by the SAO/NASA Astrophysics Data System}
}


@misc{minuit2015,
  author       = {{Ongmongkolkul}, Piti and {Deil}, Christopher},
  title        = {iminuit v1.2},
  month        = nov,
  year         = 2015,
  url          = {https://github.com/kbarbary/nestle}
}

@ARTICLE{MosherGuy2014,
   author = {{Mosher}, J. and {Guy}, J. and {Kessler}, R. and {Astier}, P. and 
	{Marriner}, J. and {Betoule}, M. and {Sako}, M. and {El-Hage}, P. and 
	{Biswas}, R. and {Pain}, R. and {Kuhlmann}, S. and {Regnault}, N. and 
	{Frieman}, J.~A. and {Schneider}, D.~P.},
    title = "{Cosmological Parameter Uncertainties from SALT-II Type Ia Supernova Light Curve Models}",
  journal = {\apj},
archivePrefix = "arXiv",
   eprint = {1401.4065},
 keywords = {dark energy, supernovae: general},
     year = 2014,
    month = sep,
   volume = 793,
      eid = {16},
    pages = {16},
      doi = {10.1088/0004-637X/793/1/16},
   adsurl = {http://adsabs.harvard.edu/abs/2014ApJ...793...16M},
  adsnote = {Provided by the SAO/NASA Astrophysics Data System}
}





@ARTICLE{PerlmutterAldering1999,
   author = {{Perlmutter}, S. and {Aldering}, G. and {Goldhaber}, G. and
	{Knop}, R.~A. and {Nugent}, P. and {Castro}, P.~G. and {Deustua}, S. and
	{Fabbro}, S. and {Goobar}, A. and {Groom}, D.~E. and {Hook}, I.~M. and
	{Kim}, A.~G. and {Kim}, M.~Y. and {Lee}, J.~C. and {Nunes}, N.~J. and
	{Pain}, R. and {Pennypacker}, C.~R. and {Quimby}, R. and {Lidman}, C. and
	{Ellis}, R.~S. and {Irwin}, M. and {McMahon}, R.~G. and {Ruiz-Lapuente}, P. and
	{Walton}, N. and {Schaefer}, B. and {Boyle}, B.~J. and {Filippenko}, A.~V. and
	{Matheson}, T. and {Fruchter}, A.~S. and {Panagia}, N. and {Newberg}, H.~J.~M. and
	{Couch}, W.~J. and {Project}, T.~S.~C.},
    title = "{Measurements of {$\Omega$} and {$\Lambda$} from 42 High-Redshift Supernovae}",
  journal = {\apj},
   eprint = {astro-ph/9812133},
 keywords = {COSMOLOGY: OBSERVATIONS, COSMOLOGY: DISTANCE SCALE, STARS: SUPERNOVAE: GENERAL, Cosmology: Observations, Cosmology: Distance Scale, Stars: Supernovae: General},
     year = 1999,
    month = jun,
   volume = 517,
    pages = {565-586},
      doi = {10.1086/307221},
   adsurl = {http://adsabs.harvard.edu/abs/1999ApJ...517..565P},
  adsnote = {Provided by the SAO/NASA Astrophysics Data System}
}


@ARTICLE{RegnaultConley2009,
   author = {{Regnault}, N. and {Conley}, A. and {Guy}, J. and {Sullivan}, M. and 
	{Cuillandre}, J.-C. and {Astier}, P. and {Balland}, C. and {Basa}, S. and 
	{Carlberg}, R.~G. and {Fouchez}, D. and {Hardin}, D. and {Hook}, I.~M. and 
	{Howell}, D.~A. and {Pain}, R. and {Perrett}, K. and {Pritchet}, C.~J.
	},
    title = "{Photometric calibration of the Supernova Legacy Survey fields}",
  journal = {\aap},
archivePrefix = "arXiv",
   eprint = {0908.3808},
 primaryClass = "astro-ph.IM",
 keywords = {cosmology: observations, techniques: photometric, methods: observational},
     year = 2009,
    month = nov,
   volume = 506,
    pages = {999-1042},
      doi = {10.1051/0004-6361/200912446},
   adsurl = {http://adsabs.harvard.edu/abs/2009A%26A...506..999R},
  adsnote = {Provided by the SAO/NASA Astrophysics Data System}
}



@ARTICLE{RestScolnic2014,
   author = {{Rest}, A. and {Scolnic}, D. and {Foley}, R.~J. and {Huber}, M.~E. and 
	{Chornock}, R. and {Narayan}, G. and {Tonry}, J.~L. and {Berger}, E. and 
	{Soderberg}, A.~M. and {Stubbs}, C.~W. and {Riess}, A. and {Kirshner}, R.~P. and 
	{Smartt}, S.~J. and {Schlafly}, E. and {Rodney}, S. and {Botticella}, M.~T. and 
	{Brout}, D. and {Challis}, P. and {Czekala}, I. and {Drout}, M. and 
	{Hudson}, M.~J. and {Kotak}, R. and {Leibler}, C. and {Lunnan}, R. and 
	{Marion}, G.~H. and {McCrum}, M. and {Milisavljevic}, D. and 
	{Pastorello}, A. and {Sanders}, N.~E. and {Smith}, K. and {Stafford}, E. and 
	{Thilker}, D. and {Valenti}, S. and {Wood-Vasey}, W.~M. and 
	{Zheng}, Z. and {Burgett}, W.~S. and {Chambers}, K.~C. and {Denneau}, L. and 
	{Draper}, P.~W. and {Flewelling}, H. and {Hodapp}, K.~W. and 
	{Kaiser}, N. and {Kudritzki}, R.-P. and {Magnier}, E.~A. and 
	{Metcalfe}, N. and {Price}, P.~A. and {Sweeney}, W. and {Wainscoat}, R. and 
	{Waters}, C.},
    title = "{Cosmological Constraints from Measurements of Type Ia Supernovae Discovered during the First 1.5 yr of the Pan-STARRS1 Survey}",
  journal = {\apj},
archivePrefix = "arXiv",
   eprint = {1310.3828},
 keywords = {cosmological parameters, cosmology: observations, dark energy, supernovae: general},
     year = 2014,
    month = nov,
   volume = 795,
      eid = {44},
    pages = {44},
      doi = {10.1088/0004-637X/795/1/44},
   adsurl = {http://adsabs.harvard.edu/abs/2014ApJ...795...44R},
  adsnote = {Provided by the SAO/NASA Astrophysics Data System}
}



@ARTICLE{RiessFilippenko1998,
   author = {{Riess}, A.~G. and {Filippenko}, A.~V. and {Challis}, P. and
	{Clocchiatti}, A. and {Diercks}, A. and {Garnavich}, P.~M. and
	{Gilliland}, R.~L. and {Hogan}, C.~J. and {Jha}, S. and {Kirshner}, R.~P. and
	{Leibundgut}, B. and {Phillips}, M.~M. and {Reiss}, D. and {Schmidt}, B.~P. and
	{Schommer}, R.~A. and {Smith}, R.~C. and {Spyromilio}, J. and
	{Stubbs}, C. and {Suntzeff}, N.~B. and {Tonry}, J.},
    title = "{Observational Evidence from Supernovae for an Accelerating Universe and a Cosmological Constant}",
  journal = {\aj},
   eprint = {astro-ph/9805201},
 keywords = {COSMOLOGY: OBSERVATIONS, STARS: SUPERNOVAE: GENERAL},
     year = 1998,
    month = sep,
   volume = 116,
    pages = {1009-1038},
      doi = {10.1086/300499},
   adsurl = {http://adsabs.harvard.edu/abs/1998AJ....116.1009R},
  adsnote = {Provided by the SAO/NASA Astrophysics Data System}
}

@ARTICLE{RiessStrolger2007,
   author = {{Riess}, A.~G. and {Strolger}, L.-G. and {Casertano}, S. and 
	{Ferguson}, H.~C. and {Mobasher}, B. and {Gold}, B. and {Challis}, P.~J. and 
	{Filippenko}, A.~V. and {Jha}, S. and {Li}, W. and {Tonry}, J. and 
	{Foley}, R. and {Kirshner}, R.~P. and {Dickinson}, M. and {MacDonald}, E. and 
	{Eisenstein}, D. and {Livio}, M. and {Younger}, J. and {Xu}, C. and 
	{Dahl{\'e}n}, T. and {Stern}, D.},
    title = "{New Hubble Space Telescope Discoveries of Type Ia Supernovae at z $\gt$= 1: Narrowing Constraints on the Early Behavior of Dark Energy}",
  journal = {\apj},
   eprint = {astro-ph/0611572},
 keywords = {Cosmology: Observations, Cosmology: Distance Scale, Galaxies: Distances and Redshifts, Stars: Supernovae: General},
     year = 2007,
    month = apr,
   volume = 659,
    pages = {98-121},
      doi = {10.1086/510378},
   adsurl = {http://adsabs.harvard.edu/abs/2007ApJ...659...98R},
  adsnote = {Provided by the SAO/NASA Astrophysics Data System}
}



@ARTICLE{RubinAldering2015,
   author = {{Rubin}, D. and {Aldering}, G. and {Barbary}, K. and {Boone}, K. and 
	{Chappell}, G. and {Currie}, M. and {Deustua}, S. and {Fagrelius}, P. and 
	{Fruchter}, A. and {Hayden}, B. and {Lidman}, C. and {Nordin}, J. and 
	{Perlmutter}, S. and {Saunders}, C. and {Sofiatti}, C. and {Supernova Cosmology Project}, T.
	},
    title = "{UNITY: Confronting Supernova Cosmology's Statistical and Systematic Uncertainties in a Unified Bayesian Framework}",
  journal = {\apj},
archivePrefix = "arXiv",
   eprint = {1507.01602},
 keywords = {dark energy, methods: statistical, supernovae: general},
     year = 2015,
    month = nov,
   volume = 813,
      eid = {137},
    pages = {137},
      doi = {10.1088/0004-637X/813/2/137},
   adsurl = {http://adsabs.harvard.edu/abs/2015ApJ...813..137R},
  adsnote = {Provided by the SAO/NASA Astrophysics Data System}
}


@ARTICLE{SchmidtSuntzeff1998,
   author = {{Schmidt}, B.~P. and {Suntzeff}, N.~B. and {Phillips}, M.~M. and 
	{Schommer}, R.~A. and {Clocchiatti}, A. and {Kirshner}, R.~P. and 
	{Garnavich}, P. and {Challis}, P. and {Leibundgut}, B. and {Spyromilio}, J. and 
	{Riess}, A.~G. and {Filippenko}, A.~V. and {Hamuy}, M. and {Smith}, R.~C. and 
	{Hogan}, C. and {Stubbs}, C. and {Diercks}, A. and {Reiss}, D. and 
	{Gilliland}, R. and {Tonry}, J. and {Maza}, J. and {Dressler}, A. and 
	{Walsh}, J. and {Ciardullo}, R.},
    title = "{The High-Z Supernova Search: Measuring Cosmic Deceleration and Global Curvature of the Universe Using Type IA Supernovae}",
  journal = {\apj},
   eprint = {astro-ph/9805200},
 keywords = {COSMOLOGY: OBSERVATIONS, GALAXIES: DISTANCES AND REDSHIFTS, STARS: SUPERNOVAE: GENERAL, STARS: SUPERNOVAE: INDIVIDUAL: ALPHANUMERIC: SN 1995K, Cosmology: Observations, Galaxies: Distances and Redshifts, Stars: Supernovae: General, Stars: Supernovae: Individual: Alphanumeric: SN 1995K},
     year = 1998,
    month = nov,
   volume = 507,
    pages = {46-63},
      doi = {10.1086/306308},
   adsurl = {http://adsabs.harvard.edu/abs/1998ApJ...507...46S},
  adsnote = {Provided by the SAO/NASA Astrophysics Data System}
}

@ARTICLE{ScolnicRest2014,
   author = {{Scolnic}, D. and {Rest}, A. and {Riess}, A. and {Huber}, M.~E. and 
	{Foley}, R.~J. and {Brout}, D. and {Chornock}, R. and {Narayan}, G. and 
	{Tonry}, J.~L. and {Berger}, E. and {Soderberg}, A.~M. and {Stubbs}, C.~W. and 
	{Kirshner}, R.~P. and {Rodney}, S. and {Smartt}, S.~J. and {Schlafly}, E. and 
	{Botticella}, M.~T. and {Challis}, P. and {Czekala}, I. and 
	{Drout}, M. and {Hudson}, M.~J. and {Kotak}, R. and {Leibler}, C. and 
	{Lunnan}, R. and {Marion}, G.~H. and {McCrum}, M. and {Milisavljevic}, D. and 
	{Pastorello}, A. and {Sanders}, N.~E. and {Smith}, K. and {Stafford}, E. and 
	{Thilker}, D. and {Valenti}, S. and {Wood-Vasey}, W.~M. and 
	{Zheng}, Z. and {Burgett}, W.~S. and {Chambers}, K.~C. and {Denneau}, L. and 
	{Draper}, P.~W. and {Flewelling}, H. and {Hodapp}, K.~W. and 
	{Kaiser}, N. and {Kudritzki}, R.-P. and {Magnier}, E.~A. and 
	{Metcalfe}, N. and {Price}, P.~A. and {Sweeney}, W. and {Wainscoat}, R. and 
	{Waters}, C.},
    title = "{Systematic Uncertainties Associated with the Cosmological Analysis of the First Pan-STARRS1 Type Ia Supernova Sample}",
  journal = {\apj},
archivePrefix = "arXiv",
   eprint = {1310.3824},
 keywords = {dark energy, supernovae: general},
     year = 2014,
    month = nov,
   volume = 795,
      eid = {45},
    pages = {45},
      doi = {10.1088/0004-637X/795/1/45},
   adsurl = {http://adsabs.harvard.edu/abs/2014ApJ...795...45S},
  adsnote = {Provided by the SAO/NASA Astrophysics Data System}
}

@INPROCEEDINGS{Skilling2004,
   author = {{Skilling}, J.},
    title = "{Nested Sampling}",
 keywords = {Inference methods},
booktitle = {American Institute of Physics Conference Series},
     year = 2004,
   series = {American Institute of Physics Conference Series},
   volume = 735,
   editor = {{Fischer}, R. and {Preuss}, R. and {Toussaint}, U.~V.},
    month = nov,
    pages = {395-405},
      doi = {10.1063/1.1835238},
   adsurl = {http://adsabs.harvard.edu/abs/2004AIPC..735..395S},
  adsnote = {Provided by the SAO/NASA Astrophysics Data System}
}



@ARTICLE{SollermanMortsell2009,
   author = {{Sollerman}, J. and {M{\"o}rtsell}, E. and {Davis}, T.~M. and 
	{Blomqvist}, M. and {Bassett}, B. and {Becker}, A.~C. and {Cinabro}, D. and 
	{Filippenko}, A.~V. and {Foley}, R.~J. and {Frieman}, J. and 
	{Garnavich}, P. and {Lampeitl}, H. and {Marriner}, J. and {Miquel}, R. and 
	{Nichol}, R.~C. and {Richmond}, M.~W. and {Sako}, M. and {Schneider}, D.~P. and 
	{Smith}, M. and {Vanderplas}, J.~T. and {Wheeler}, J.~C.},
    title = "{First-Year Sloan Digital Sky Survey-II (SDSS-II) Supernova Results: Constraints on Nonstandard Cosmological Models}",
  journal = {\apj},
archivePrefix = "arXiv",
   eprint = {0908.4276},
 keywords = {cosmology: observations, supernovae: general},
     year = 2009,
    month = oct,
   volume = 703,
    pages = {1374-1385},
      doi = {10.1088/0004-637X/703/2/1374},
   adsurl = {http://adsabs.harvard.edu/abs/2009ApJ...703.1374S},
  adsnote = {Provided by the SAO/NASA Astrophysics Data System}
}


@ARTICLE{StritzingerPhillips2011,
   author = {{Stritzinger}, M.~D. and {Phillips}, M.~M. and {Boldt}, L.~N. and 
	{Burns}, C. and {Campillay}, A. and {Contreras}, C. and {Gonzalez}, S. and 
	{Folatelli}, G. and {Morrell}, N. and {Krzeminski}, W. and {Roth}, M. and 
	{Salgado}, F. and {DePoy}, D.~L. and {Hamuy}, M. and {Freedman}, W.~L. and 
	{Madore}, B.~F. and {Marshall}, J.~L. and {Persson}, S.~E. and 
	{Rheault}, J.-P. and {Suntzeff}, N.~B. and {Villanueva}, S. and 
	{Li}, W. and {Filippenko}, A.~V.},
    title = "{The Carnegie Supernova Project: Second Photometry Data Release of Low-redshift Type Ia Supernovae}",
  journal = {\aj},
archivePrefix = "arXiv",
   eprint = {1108.3108},
 keywords = {galaxies: distances and redshifts, supernovae: general},
     year = 2011,
    month = nov,
   volume = 142,
      eid = {156},
    pages = {156},
      doi = {10.1088/0004-6256/142/5/156},
   adsurl = {http://adsabs.harvard.edu/abs/2011AJ....142..156S},
  adsnote = {Provided by the SAO/NASA Astrophysics Data System}
}


@ARTICLE{SullivanGuy2011,
   author = {{Sullivan}, M. and {Guy}, J. and {Conley}, A. and {Regnault}, N. and 
	{Astier}, P. and {Balland}, C. and {Basa}, S. and {Carlberg}, R.~G. and 
	{Fouchez}, D. and {Hardin}, D. and {Hook}, I.~M. and {Howell}, D.~A. and 
	{Pain}, R. and {Palanque-Delabrouille}, N. and {Perrett}, K.~M. and 
	{Pritchet}, C.~J. and {Rich}, J. and {Ruhlmann-Kleider}, V. and 
	{Balam}, D. and {Baumont}, S. and {Ellis}, R.~S. and {Fabbro}, S. and 
	{Fakhouri}, H.~K. and {Fourmanoit}, N. and {Gonz{\'a}lez-Gait{\'a}n}, S. and 
	{Graham}, M.~L. and {Hudson}, M.~J. and {Hsiao}, E. and {Kronborg}, T. and 
	{Lidman}, C. and {Mourao}, A.~M. and {Neill}, J.~D. and {Perlmutter}, S. and 
	{Ripoche}, P. and {Suzuki}, N. and {Walker}, E.~S.},
    title = "{SNLS3: Constraints on Dark Energy Combining the Supernova Legacy Survey Three-year Data with Other Probes}",
  journal = {\apj},
archivePrefix = "arXiv",
   eprint = {1104.1444},
 primaryClass = "astro-ph.CO",
 keywords = {cosmological parameters, cosmology: observations, supernovae: general, surveys},
     year = 2011,
    month = aug,
   volume = 737,
      eid = {102},
    pages = {102},
      doi = {10.1088/0004-637X/737/2/102},
   adsurl = {http://adsabs.harvard.edu/abs/2011ApJ...737..102S},
  adsnote = {Provided by the SAO/NASA Astrophysics Data System}
}

@ARTICLE{SuzukiRubin2012,
   author = {{Suzuki}, N. and {Rubin}, D. and {Lidman}, C. and {Aldering}, G. and 
	{Amanullah}, R. and {Barbary}, K. and {Barrientos}, L.~F. and 
	{Botyanszki}, J. and {Brodwin}, M. and {Connolly}, N. and {Dawson}, K.~S. and 
	{Dey}, A. and {Doi}, M. and {Donahue}, M. and {Deustua}, S. and 
	{Eisenhardt}, P. and {Ellingson}, E. and {Faccioli}, L. and 
	{Fadeyev}, V. and {Fakhouri}, H.~K. and {Fruchter}, A.~S. and 
	{Gilbank}, D.~G. and {Gladders}, M.~D. and {Goldhaber}, G. and 
	{Gonzalez}, A.~H. and {Goobar}, A. and {Gude}, A. and {Hattori}, T. and 
	{Hoekstra}, H. and {Hsiao}, E. and {Huang}, X. and {Ihara}, Y. and 
	{Jee}, M.~J. and {Johnston}, D. and {Kashikawa}, N. and {Koester}, B. and 
	{Konishi}, K. and {Kowalski}, M. and {Linder}, E.~V. and {Lubin}, L. and 
	{Melbourne}, J. and {Meyers}, J. and {Morokuma}, T. and {Munshi}, F. and 
	{Mullis}, C. and {Oda}, T. and {Panagia}, N. and {Perlmutter}, S. and 
	{Postman}, M. and {Pritchard}, T. and {Rhodes}, J. and {Ripoche}, P. and 
	{Rosati}, P. and {Schlegel}, D.~J. and {Spadafora}, A. and {Stanford}, S.~A. and 
	{Stanishev}, V. and {Stern}, D. and {Strovink}, M. and {Takanashi}, N. and 
	{Tokita}, K. and {Wagner}, M. and {Wang}, L. and {Yasuda}, N. and 
	{Yee}, H.~K.~C. and {Supernova Cosmology Project}, T.},
    title = "{The Hubble Space Telescope Cluster Supernova Survey. V. Improving the Dark-energy Constraints above z $\gt$ 1 and Building an Early-type-hosted Supernova Sample}",
  journal = {\apj},
archivePrefix = "arXiv",
   eprint = {1105.3470},
 primaryClass = "astro-ph.CO",
 keywords = {cosmological parameters, distance scale, supernovae: general},
     year = 2012,
    month = feb,
   volume = 746,
      eid = {85},
    pages = {85},
      doi = {10.1088/0004-637X/746/1/85},
   adsurl = {http://adsabs.harvard.edu/abs/2012ApJ...746...85S},
  adsnote = {Provided by the SAO/NASA Astrophysics Data System}
}


@ARTICLE{TonryStubbs2012,
   author = {{Tonry}, J.~L. and {Stubbs}, C.~W. and {Lykke}, K.~R. and {Doherty}, P. and 
	{Shivvers}, I.~S. and {Burgett}, W.~S. and {Chambers}, K.~C. and 
	{Hodapp}, K.~W. and {Kaiser}, N. and {Kudritzki}, R.-P. and 
	{Magnier}, E.~A. and {Morgan}, J.~S. and {Price}, P.~A. and 
	{Wainscoat}, R.~J.},
    title = "{The Pan-STARRS1 Photometric System}",
  journal = {\apj},
archivePrefix = "arXiv",
   eprint = {1203.0297},
 primaryClass = "astro-ph.IM",
 keywords = {atmospheric effects, instrumentation: photometers, surveys, techniques: photometric},
     year = 2012,
    month = may,
   volume = 750,
      eid = {99},
    pages = {99},
      doi = {10.1088/0004-637X/750/2/99},
   adsurl = {http://adsabs.harvard.edu/abs/2012ApJ...750...99T},
  adsnote = {Provided by the SAO/NASA Astrophysics Data System}
}

@ARTICLE{WoodVaseyMiknaitis2007,
   author = {{Wood-Vasey}, W.~M. and {Miknaitis}, G. and {Stubbs}, C.~W. and 
	{Jha}, S. and {Riess}, A.~G. and {Garnavich}, P.~M. and {Kirshner}, R.~P. and 
	{Aguilera}, C. and {Becker}, A.~C. and {Blackman}, J.~W. and 
	{Blondin}, S. and {Challis}, P. and {Clocchiatti}, A. and {Conley}, A. and 
	{Covarrubias}, R. and {Davis}, T.~M. and {Filippenko}, A.~V. and 
	{Foley}, R.~J. and {Garg}, A. and {Hicken}, M. and {Krisciunas}, K. and 
	{Leibundgut}, B. and {Li}, W. and {Matheson}, T. and {Miceli}, A. and 
	{Narayan}, G. and {Pignata}, G. and {Prieto}, J.~L. and {Rest}, A. and 
	{Salvo}, M.~E. and {Schmidt}, B.~P. and {Smith}, R.~C. and {Sollerman}, J. and 
	{Spyromilio}, J. and {Tonry}, J.~L. and {Suntzeff}, N.~B. and 
	{Zenteno}, A.},
    title = "{Observational Constraints on the Nature of Dark Energy: First Cosmological Results from the ESSENCE Supernova Survey}",
  journal = {\apj},
   eprint = {astro-ph/0701041},
 keywords = {Cosmology: Cosmological Parameters, Cosmology: Observations, Stars: Supernovae: General},
     year = 2007,
    month = sep,
   volume = 666,
    pages = {694-715},
      doi = {10.1086/518642},
   adsurl = {http://adsabs.harvard.edu/abs/2007ApJ...666..694W},
  adsnote = {Provided by the SAO/NASA Astrophysics Data System}
}

